# presentation of HMBE (HTGS Model-based engine)
@article{blattner2017model,
  title={Model-based Dynamic Scheduling for Multicore Implementation of Image Processing Systems},
  author={Blattner, Timothy J and Keyrouz, Walid and Wu, Jiahao and Bhattacharyya, Shuvra S},
  year={2017},
  publisher={Timothy J. Blattner, Walid Keyrouz, Jiahao Wu, Shuvra S. Bhattacharyya},
  keywords="bibli"
}

# Theses Alex
@phdthesis{bardakoff2021analysis,
  title={Analysis and Execution of a Data-Flow Graph Explicit Model Using Static Metaprogramming},
  author={Bardakoff, Alexandre},
  year={2021},
  school={Universit{\'e} Clermont Auvergne},
  keywords="bibli"
}

# Data-Flow graphs
@article{kavi1986formal,
  title={A formal definition of data flow graph models},
  author={Kavi and Buckles and Bhat},
  journal={IEEE Transactions on computers},
  volume={100},
  number={11},
  pages={940--948},
  year={1986},
  publisher={IEEE},
  keywords="bibli"
}
